@misc{MilanoSFU,
    author	=	{Dott.ssa Martina Spelta}, 
    title	=	{Depressione e universit√†: gli interventi mirati dei Servizi Clinici della SFU Milano},
    note	=	{(Visitato Maggio 2021)},
    url 	=	{www.milano-sfu.it/depressione-e-universita-gli-interventi-mirati-dei-servizi-clinici-della-sfu-milano/}
}

@article{taylor2003computer,
  title		=	{Computer and internet-based psychotherapy interventions},
  author	=	{Taylor, C Barr and Luce, Kristine H},
  journal	=	{Current directions in psychological science},
  note 		=	{(Visitato Giugno 2021)},
  publisher	=	{SAGE Publications Sage CA: Los Angeles, CA},
  url		=	{mental.jmir.org/2018/3/e10200?utm_source=TrendMD&utm_medium=cpc&utm_campaign=JMIR_TrendMD_1}
}

@misc{bankmycell,
title	=	{How Many Smartphones Are In The World?},
author	=	{Ash Turner},
note	=	{(Visitato Maggio 2021)},
url		=	{www.bankmycell.com/blog/how-many-phones-are-in-the-world}
}

@misc{mHealth,
title	=	{mHealth},
author	=	{Wikipedia},
note	=	{(Visitato Maggio 2021)},
url		=	{en.wikipedia.org/wiki/MHealth#Definitions}
}

@misc{CBT,
title	=	{Psicoterapia cognitivo-comportamentale},
author	=	{Wikipedia},
note	=	{(Visitato Maggio 2021)},
url		=	{it.wikipedia.org/wiki/Psicoterapia_cognitivo-comportamentale}
}

@misc{MVC,
title = {MVC: Model View Controller},
author = {Codecademy},
note = {(Visitato Giugno 2021)},
url = {https://www.codecademy.com/articles/mvc},
}